%!TEX encoding = UTF-8

% variables
% =========

@string{aaai = "AAAI Conference on \acl{AI}"}
@string{aamas = "International Conference on Autonomous Agents and Multi-Agent Systems"}
@string{ab = "Adaptive Behavior"}
@string{acl = "Annual Meeting of the Association for Computational Linguistics"}
@string{ai = "\acl{AI}"}
@string{ar = "Autonomous Robots"}
@string{childdev = "Child Development"}
@string{cvpr = "IEEE Conference on Computer Vision and Pattern Recognition"}
@string{eccv = "European Conference on Computer Vision"}
@string{fnbot = "Frontiers in Neurorobotics"}
@string{glu = "Workshop on Grounding Language Understanding"}
@string{hci = "\HCI"}
@string{hri = "ACM/IEEE International Conference on \HRI"}
@string{humanoids = "IEEE-RAS International Conference on Humanoid Robots"}
@string{icaps = "International Conference on Automated Planning and Scheduling"}
@string{icassp = "IEEE International Conference on Acoustics, Speech and Signal Processing"}
@string{iccv = "IEEE International Conference on Computer Vision"}
@string{icdl = "IEEE International Conference on Developmental and Learning"}
@string{icdl_epirob = "IEEE International Conference on Development and Learning and on Epigenetic Robotics"}
@string{icml = "International Conference on Machine Learning"}
@string{icra = "IEEE International Conference on Robotics and Automation"}
@string{icsr = "International Conference on Social Robotics"}
@string{ictai = "IEEE International Conference on Tools with \acl{AI}"}
@string{ijar = "International Journal of Approximate Reasoning"}
@string{ijcai = "International Joint Conference on \acl{AI}"}
@string{ijcv = "International Journal of Computer Vision"}
@string{ijhr = "International Journal of Humanoid Robotics"},
@string{ijrr = "International Journal of Robotics Research"}
@string{ijsr = "International Journal of Social Robotics"}
@string{interspeech = "International Conference on Speech Communication and Technology"}
@string{iros = "IEEE/RSJ International Conference on Intelligent Robots and Systems"}
@string{ist = "Instituto Superior Técnico"}
@string{jair = "Journal of \acl{AI} Research"}
@string{jhri = "Journal of \HRI"}
@string{jroyastatsocise2 = "Journal of the Royal Statistical Society, Series B: Methodological"}
@string{natneuro = "Nature Neuroscience"}
@string{nips = "Conference on Neural Information Processing Systems"}
@string{nn = "Neural Networks"}
@string{nrn = "Nature Reviews Neuroscience"}
@string{pami = "IEEE Transactions on Pattern Analysis and Machine Intelligence"}
@string{ral = "IEEE Robotics and Automation Letters"}
@string{ras = "Robotics and Autonomous Systems"}
@string{roman = "IEEE International Symposium on Robot and Human Interactive Communication"}
@string{rss = "Robotics: Science and Systems"}
@string{rtsb = "Philosophical Transactions of the Royal Society, Series B: Biological Sciences"}
@string{sieds = "IEEE Systems and Information Engineering Design Symposium"}
@string{smcb = "IEEE Transactions on Systems, Man, and Cybernetics, Part B: Cybernetics"}
@string{tcds = "IEEE Transactions on Cognitive and Developmental Systems"}
@string{trendscogsci = "Trends in Cognitive Sciences"}
@string{trendsneuro = "Trends in Neurosciences"}
@string{tro = "IEEE Transactions on Robotics"}
@string{ugenoa_and_iit = "University of Genoa and Istituto Italiano di Tecnologia"}

% journal articles
% ================

@article{aggarwal:2011,
    author = {Aggarwal, Jake K. and Ryoo, Michael S.},
    title = {{Human Activity Analysis: A Review}},
    journal = {ACM Computing Surveys},
    year = {2011},
    month = {4},
    number = {3},
    pages = {1--43},
    volume = {43},
    doi = {10.1145/1922649.1922653}
}

@article{berlucchi:1997:tneu,
    title = {The body in the brain: neural bases of corporeal awareness},
    author = {Berlucchi, Giovanni and Aglioti, Salvatore},
    journal = trendsneuro,
    year = {1997},
    volume = {20},
    issue = {12},
    pages = {560--564},
    doi = {10.1007/s00221-009-1970-7}
}

@article{bianchi:2013:hci,
    author = {Bianchi-Berthouze, Nadia},
    title = {{Understanding the Role of Body Movement in Player Engagement}},
    journal = hci,
    year = {2013},
    volume = {28},
    number = {1},
    pages = {40--75},
    doi = {10.1080/07370024.2012.688468}
}

@article{bauer:2008:ijhr,
    author = {Bauer, Andrea and Wollherr, Dirk and Buss, Martin},
    title = {{\HR{} Collaboration: A Survey}},
    journal = ijhr,
    year = {2008},
    volume = {05},
    number = {01},
    pages = {47--66},
    doi = {10.1142/S0219843608001303}
}

@article{bielza:2011:k2,
    author = {Bielza, Concha and Li, Guangdi and Larrañaga, Pedro},
    title = {{Multi-Dimensional Classification with \aclp{BN}}},
    journal = ijar,
    year = {2011},
    volume = {52},
    pages = {705--727},
    doi = {10.1016/j.ijar.2011.01.007}
}

@article{billing:2016:frobt,
    author = {Billing, Erik A. and Svensson, Henrik and Lowe, Robert and Ziemke, Tom},
    title = {{Finding Your Way from the Bed to the Kitchen: Reenacting and Recombining Sensorimotor Episodes Learned from Human Demonstration}},
    journal = {Frontiers in Robotics and AI},
    year = {2016},
    volume = {3},
    pages = {9},
    doi = {10.3389/frobt.2016.00009}
}

@article{boucher:2012:fnbot,
    author = {Boucher, Jean David and Pattacini, Ugo and Lelong, Amelie and Bailly, Gerard and Elisei, Frederic and Fagel, Sascha and Dominey, Peter Ford and Ventre-Dominey, Jocelyne},
    title = {{I reach faster when I see you look: Gaze effects in \hh{} and \hr{} face-to-face cooperation}},
    journal = fnbot,
    year = {2012},
    volume = {6},
    number = {May},
    pages = {1--11},
    doi = {10.3389/fnbot.2012.00003}
}

@article{brownell:2006:childdev,
    author = {Brownell, Celia A. and Ramani, Geetha B. and Zerwas, Stephanie},
    title = {Becoming a social partner with peers: Cooperation and social understanding in one- and two-year-olds},
    journal = childdev,
    year = {2006},
    volume = {77},
    number = {4},
    pages = {803--821},
    doi = {10.1111/j.1467-8624.2006.t01-1-.x-i1}
}

@article{bushnell:1993:child,
    author = {Bushnell, Emily W. and Boudreau, J. Paul},
    title = {{Motor Development and the Mind: The Potential Role of Motor Abilities as a Determinant of Aspects of Perceptual Development}},
    journal = childdev,
    year = {1993},
    volume = {64},
    number = {4},
    pages = {1005--1021},
    doi = {10.2307/1131323}
}

@article{celikkanat:2015:tamd,
    author = {Celikkanat, Hande and Orhan, Güren and Kalkan, Sinan},
    title = {{A Probabilistic Concept Web on a Humanoid Robot}},
    journal = tamd,
    year = {2015},
    volume = {7},
    number = {2},
    pages = {92--106},
    doi = {10.1109/TAMD.2015.2418678}
}

@article{chao:2000:neuro,
    author = {Chao, Linda L. and Martin, Alex},
    title = {{Representation of Manipulable Man-Made Objects in the Dorsal Stream}},
    journal = {Neuroimage},
    year = {2000},
    volume = {12},
    number = {4},
    pages = {478--484},
    doi = {10.1006/nimg.2000.0635}
}

@article{chemero:2003:outline,
    author = {Chemero, Anthony},
    title = {{An Outline of a Theory of Affordances}},
    journal = {Ecological Psychology},
    year = {2003},
    volume = {15},
    number = {2},
    pages = {181--195},
    doi = {10.1207/S15326969ECO1502_5}
}

@article{chemero:2007:gibsonian,
    author = {Chemero, Anthony and Turvey, Michael T.},
    title = {{Gibsonian Affordances for Roboticists}},
    journal = ab,
    year = {2007},
    volume = {15},
    number = {4},
    pages = {473--480},
    doi = {10.1177/1059712307085098}
}

@article{cooper:1992:k2,
    author = {Cooper, Gregory F. and Herskovitz, Edward},
    title = {{A Bayesian Method for the Induction of Probabilistic Networks from Data}},
    journal = {Machine Learning},
    year = {1992},
    number = {4},
    volume = {9},
    pages = {309--347},
    doi = {10.1007/BF00994110}
}

@article{coradeschi:2003:ras,
    author = {Coradeschi, Silvia and Saffiotti, Alessandro},
    title = {An introduction to the anchoring problem},
    journal = ras,
    year = {2003},
    volume = {43},
    number = {2},
    pages = {85--96},
    doi = {10.1016/S0921-8890(03)00021-6}
}

@article{dragan:2014:ar,
    author = {Dragan, Anca D. and Srinivasa, Siddhartha},
    title = {Integrating human observer inferences into robot motion planning},
    journal = ar,
    year = {2014},
    volume = {37},
    number = {4},
    pages = {351--368},
    doi = {10.1007/s10514-014-9408-x}
}

@article{duarte:2018:ral,
    author = {Duarte, Nuno and Tasevski, Jovica and Coco, Moreno and Raković, Mirko and Santos-Victor, José},
    title = {{Action Anticipation: Reading the Intentions of Humans and Robots}},
    journal = ral,
    year = {2018},
    volume = {3},
    number = {4},
    pages = {4132--4139},
    doi = {10.1109/LRA.2018.2861569}
}

@article{elfring:2013:ras,
    author = {Elfring, Jos and van den Dries, Sjoerd and van de Molengraft, M. J. G. and Steinbuch, Maarten},
    title = {Semantic world modeling using probabilistic multiple hypothesis anchoring},
    journal = ras,
    year = {2013},
    volume = {61},
    number = {2},
    pages = {95--105},
    doi = {10.1016/j.robot.2012.11.005}
}

@article{fagard:2014:emergence,
    title = {The emergence of use of a rake-like tool: a longitudinal study in human infants},
    author = {Fagard, Jacqueline and Rat-Fischer, Lauriane and O'Regan, J. Kevin},
    journal = {Frontiers in Psychology},
    year = {2014},
    volume = {5},
    doi = {10.3389/fpsyg.2014.00491}
}

@article{fitzpatrick:2014:yarp,
    author = {Fitzpatrick, Paul and Ceseracciu, Elena and Domenichelli, Daniele E. and Paikan, Ali and Metta, Giorgio and Natale, Lorenzo},
    title = {{A middle way for robotics middleware}},
    journal = {Journal of Software Engineering for Robotics},
    year = {2014},
    pages = {42--49},
    volume = {5},
    number = {2},
    month = {9},
    doi = {10.6092/JOSER_2014_05_02_p42}
}

@article {fogassi:2005:science,
    author = {Fogassi, Leonardo and Ferrari, Pier Francesco and Gesierich, Benno and Rozzi, Stefano and Chersi, Fabian and Rizzolatti, Giacomo},
    title = {{Parietal Lobe: From Action Organization to Intention Understanding}},
    journal = {Science},
    year = {2005},
    volume = {308},
    number = {5722},
    pages = {662--667},
    doi = {10.1126/science.1106138}
}

@article{egibson:2003:ep,
    author = {Gibson, Eleanor J.},
    title = {{The World Is So Full of a Number of Things: On Specification and Perceptual Learning}},
    journal = {Ecological Psychology},
    year = {2003},
    volume = {15},
    number = {4},
    pages = {283--287},
    doi = {10.1207/s15326969eco1504_3}
}

@article{gazzola:2007:neuroimage,
    title = {The anthropomorphic brain: the mirror neuron system responds to human and robotic actions},
    author = {Gazzola, Valeria and Rizzolatti, Giacomo and Wicker, Bruno and Keysers, Christian},
    journal = {Neuroimage},
    year = {2007},
    volume = {35},
    number = {4},
    pages = {1674--1684},
    doi = {10.1016/j.neuroimage.2007.02.003}
}

@article{giudici:2003:mcmc,
    author = {Giudici, Paolo and Castelo, Robert},
    title = {{Improving \acl{MCMC} Model Search for Data Mining}},
    journal = {Machine Learning},
    year = {2003},
    volume = {50},
    number = {1-2},
    pages = {127--158},
    doi = {10.1023/A:1020202028934}
}

@article{goodale_milner:1992,
    author = {Goodale, Melvyn A. and Milner, A. David},
    title = {Separate visual pathways for perception and action},
    journal = trendsneuro,
    year = {1992},
    volume = {15},
    number = {1},
    pages = {20--25},
    doi = {10.1016/0166-2236(92)90344-8}
}

@article{haazebroek:2011:cognprocess,
    title = {A computational model of perception and action for cognitive robotics},
    author = {Haazebroek, Pascal and van Dantzig, Saskia and Hommel, Bernhard},
    journal = {Cognitive Processing},
    year = {2011},
    volume = {12},
    number = {4},
    pages = {355--365},
    doi = {10.1007/s10339-011-0408-x}
}

@article{harnad:1990,
    title = {{The Symbol Grounding Problem}},
    author = {Harnad, Stevan},
    journal = {Physica D: Nonlinear Phenomena},
    year = {1990},
    volume = {42},
    number = {1-3},
    pages = {335--346},
    doi = {10.1016/0167-2789(90)90087-6}
}

@article{heckerman:1995:learnbn,
    title = {{Learning \aclp{BN}: The Combination of Knowledge and Statistical Data}},
    author = {Heckerman, David and Geiger, Dan and Chickering, David M.},
    journal = {Machine Learning},
    year = {1995},
    volume = {20},
    number = {3},
    pages = {197--243},
    doi = {10.1023/A:1022623210503}
}

@article{hinton:2012:dnn_asr,
    title = {{Deep Neural Networks for Acoustic Modeling in Speech Recognition: The Shared Views of Four Research Groups}},
    author = {Hinton, Geoffrey and Deng, Li and Yu, Dong and Dahl, George E. and Mohamed, Abdel-rahman and Jaitly, Navdeep and Senior, Andrew and Vanhoucke, Vincent and Nguyen, Patrick and Sainath, Tara N. and Kingsbury, Brian},
    journal = {IEEE Signal Processing Magazine},
    year = {2012},
    volume = {29},
    number=  {6},
    pages = {82--97},
    doi = {10.1109/MSP.2012.2205597}
}

@article{huang:1996:jtree,
    title = {{Inference in Belief Networks: A Procedural Guide}},
    author = {Huang, Cecil and Darwiche, Adnan},
    journal = ijar,
    year = {1996},
    volume = {15},
    number = {3},
    pages = {225--263},
    doi = {10.1016/S0888-613X(96)00069-2}
}

@article{jain:2013:alr,
    author = {Jain, Raghvendra and Inamura, Tetsunari},
    title = {Bayesian learning of tool affordances based on generalization of functional feature to estimate effects of unseen tools},
    journal = {Artificial Life and Robotics},
    year = {2013},
    volume = {18},
    number = {1-2},
    pages = {95--103},
    doi = {10.1007/s10015-013-0105-1}
}

@article{james:2010:icd,
    author = {James, Davide K.},
    title  = {{Fetal learning: A critical review}},
    journal = {Infant and Child Cevelopment},
    year = {2010},
    volume = {19},
    pages = {45--54},
    doi = {10.1002/icd.653}
}

@article{jamone:2016:tcds,
    author = {Jamone, Lorenzo and Ugur, Emre and Cangelosi, Angelo and Fadiga, Luciano and Bernardino, Alexandre and Piater, Justus and Santos-Victor, José},
    title = {{Affordances in Psychology, Neuroscience and Robotics: A Survey}},
    journal = tcds,
    year = {2016},
    doi = {10.1109/TCDS.2016.2594134}
}

@article{joseph:2000:drev,
    title = {{Fetal Brain Behavior and Cognitive Development}},
    author = {Joseph, Rhawn},
    journal = {Developmental Review},
    year = {2000},
    volume = {20},
    issue = {1},
    pages = {81-98},
    doi = {10.1006/drev.1999.0486}
}

@article {kilner:2009:jneurosci,
    author = {Kilner, James M. and Neal, Alice and Weiskopf, Nikolaus and Friston, Karl J. and Frith, Chris D.},
    title = {{Evidence of Mirror Neurons in Human Inferior Frontal Gyrus}},
    journal = {Journal of Neuroscience},
    year = {2009},
    volume = {29},
    number = {32},
    pages = {10153--10159},
    doi = {10.1523/JNEUROSCI.2668-09.2009}
}

@article{kim:2017:nn,
    author = {Kim, Sangwook and Yu, Zhibin and Lee, Minho},
    title = {Understanding human intention by connecting perception and action learning in artificial agents},
    journal = nn,
    year = {2017},
    volume = {92},
    pages = {29--38},
    doi = {10.1016/j.neunet.2017.01.009}
}

@article{kita:2017:gesture-concept-hp,
    author = {Kita, Sotaro and Alibali, Martha W. and Chu, Mingyuan},
    title = {{How Do Gestures Influence Thinking and Speaking? The Gesture-for-Conceptualization Hypothesis}},
    journal = {Psychological Review},
    year = {2017},
    volume = {124},
    number = {3},
    pages = {245--266},
    doi = {10.1037/rev0000059}
}

@article{kleinsmith:2013:survey,
    author = {Kleinsmith, Andrea and Bianchi-Berthouze, Nadia},
    title = {{Affective Body Expression Perception and Recognition: A Survey}},
    journal = {IEEE Transactions on Affective Computing},
    year = {2013},
    number = {1},
    pages = {15--33},
    volume = {4},
    doi = {10.1109/T-AFFC.2012.16}
}

@article{konidaris:2018:jair,
    author = {Konidaris, George and Kaelbling, Leslie Pack and Lozano-Pérez, Tomás},
    title = {{From Skills to Symbols: Learning Symbolic Representations for Abstract High-Level Planning}},
    journal = jair,
    year = {2018},
    pages = {215--289},
    volume = {61},
    doi = {10.1613/jair.5575}
}

@article{kruger:2011:ras,
    author = {Krüger, Norbert and Geib, Christopher and Piater, Justus and Petrick, Ronald and Steedman, Mark and Wörgötter, Florentin and Ude, Aleš and Asfour, Tamim and Kraft, Dirk and Omrčen, Damir and Agostini, Alejandro and Dillmann, Rüdiger},
    title = {{\ObjAct{} Complexes: Grounded Abstractions of \SensMot{} Processes}},
    journal = ras,
    year = {2011},
    volume = {59},
    number = {10},
    pages = {740--757},
    doi = {10.1016/j.robot.2011.05.009}
}

@article{koppula:2013:ijrr,
    author = {Hema Swetha Koppula and Rudhir Gupta and Ashutosh Saxena},
    title = {{Learning Human Activities and Object Affordances from RGB-D Videos}},
    journal = ijrr,
    year = {2013},
    volume = {32},
    number = {8},
    pages = {951--970},
    doi = {10.1177/0278364913478446}
}

@article{koppula:2016:pami,
    author = {Koppula, Hema S. and Saxena, Ashutosh},
    title = {{Anticipating Human Activities Using Object Affordances for Reactive Robotic Response}},
    journal = pami,
    year = {2016},
    volume = {38},
    number = {1},
    pages = {14--29},
    doi = {10.1109/TPAMI.2015.2430335}
}

@article{lake:2017:bbs,
    author = {Lake, Brenden M. and Ullman, Tomer D. and Tenenbaum, Joshua B. and Gershman, Samuel J.},
    title = {{Building Machines That Learn and Think Like People}},
    journal = {Behavioral and Brain Sciences},
    year = {2017},
    volume = {40},
    doi = {10.1017/S0140525X16001837}
}

@article{lang:2010:prada,
    author = {Lang, Tobias and Toussaint, Marc},
    title = {{Planning with Noisy Probabilistic Relational Rules}},
    journal = jair,
    year = {2010},
    volume = {39},
    pages = {1--49},
    doi = {10.1613/jair.3093}
}

@article{lauritzen:1988:jtree,
    author = {Lauritzen, Steffen L. and Spiegelhalter, David J.},
    title = {{Local Computations with Probabilities on Graphical Structures and Their Application to Expert Systems}},
    journal = jroyastatsocise2,
    year = {1988},
    volume = {50},
    number = {2},
    pages = {157--224},
    doi = {10.2307/2345762}
}

@article{lemaignan:2012:ijsr,
    author = {Lemaignan, Séverin and Ros, Raquel and Sisbot, E. Akin and Alami, Rachid and Beetz, Michael},
    title = {{Grounding the Interaction: Anchoring Situated Discourse in Everyday \HRI}},
    journal = ijsr,
    year = {2012},
    volume = {4},
    number = {2},
    pages = {181--199},
    doi = {10.1007/s12369-011-0123-x}
}

@article{lemaignan:2017:ai,
    author={Lemaignan, Séverin and Warnier, Mathieu and Sisbot, E. Akin and Clodic, Aurélie and Alami, Rachid},
    title = {{Artificial cognition for social \hri: An implementation}},
    journal = ai,
    volume = {247},
    pages = {45--69},
    year = {2017},
    doi = {10.1016/j.artint.2016.07.002}
}

@article{levine:2018:ijrr,
    author = {Levine, Sergey and Pastor, Peter and Krizhevsky, Alex and Ibarz, Julian and Quillen, Deirdre},
    title = {{Learning hand--eye coordination for robotic grasping with deep learning and large-scale data collection}},
    journal = ijrr,
    year = {2018},
    volume = {37},
    number = {4-5},
    pages = {421--436},
    doi = {10.1177/0278364917710318}
}

@article{li:2011:ijsr,
    author = {Li, Jamy and Chignell, Mark},
    title = {{Communication of Emotion in Social Robots through Simple Head and Arm Movements}},
    journal = ijsr,
    year = {2011},
    number = {2},
    pages = {125--142},
    volume = {3},
    doi = {10.1007/s12369-010-0071-x}
}

@article{lloyd:1982:kmeans,
    author = {Lloyd, Stuart},
    title = {{Least squares quantization in PCM}},
    journal = {IEEE Transactions on Information Theory},
    year = {1982},
    volume = {28},
    number = {2},
    pages = {129--137},
    doi = {10.1109/TIT.1982.1056489}
}

@article{lobo:2013:ibd,
    title = {{The onset of reaching significantly impacts how infants explore both objects and their bodies}},
    author = {Lobo, Michele A. and Galloway, James C.},
    journal = {Infant Behavior and Development},
    volume = {36},
    number = {1},
    pages = {14--24},
    year = {2013},
    doi = {10.1016/j.infbeh.2012.09.003}
}

@article{lockman:2000:childdev,
    title = {{A Perception--Action Perspective on Tool Use Development}},
    author  ={Lockman, Jeffrey J.},
    journal = childdev,
    volume = {71},
    number = {1},
    pages = {137--144},
    year = {2000},
    doi = {10.1111/1467-8624.00127}
}

@article{lopes:2005:smcb,
  author = {Lopes, Manuel and Santos-Victor, José},
  title = {{Visual Learning by Imitation with Motor Representations}},
  journal = smcb,
  year = {2005},
  volume = {35},
  number = {3},
  pages = {438--449},
  doi = {10.1109/TSMCB.2005.846654}
}

@article{lopes:2007:smcb,
    author = {Lopes, Manuel and Santos-Victor, José},
    title = {{A Developmental Roadmap for Learning by Imitation in Robots}},
    journal = smcb,
    year = {2007},
    month = {4},
    volume = {37},
    number = {2},
    pages = {308--321},
    doi = {10.1109/TSMCB.2006.886949}
}

@article{lopes:2009:ab,
    title = {A computational model of social-learning mechanisms},
    author = {Lopes, Manuel and Melo, Francisco S. and Kenward, Ben and Santos-Victor, José},
    journal = ab,
    year = {2009},
    volume = {17},
    number = {6},
    pages = {467--483},
    doi = {10.1177/1059712309342757}
}

@article{lungarella:2003:devrobsurvey,
    author = {Lungarella, Max and Metta, Giorgio and Pfeifer, Rolf and Sandini, Giulio},
    title = {Developmental robotics: a survey},
    journal = {Connection Science},
    year = {2003},
    volume = {15},
    number = {4},
    pages = {151--190},
    doi = {10.1080/09540090310001655110}
}

@article{madigan:1995:mcmc,
    author = {Madigan, David and York, Jeremy and Allard, Denis},
    title = {{Bayesian Graphical Models for Discrete Data}},
    journal = {International Statistical Review},
    year = {1995},
    volume = {63},
    number = {2},
    pages = {215--232},
    doi = {10.2307/1403615}
}

@article{mar:2018:tcds,
    author = {Mar, Tanis and Tikhanoff, Vadim and Natale, Lorenzo},
    title = {{What Can I Do With This Tool? Self-Supervised Learning of Tool Affordances From Their 3-D Geometry}},
    journal = tcds,
    year = {2018},
    volume = {10},
    number = {3},
    pages = {595--610},
    doi = {10.1109/TCDS.2017.2717041}
}

@article{melis:2010:rstb,
    title = {How is human cooperation different?},
    author = {Melis, Alicia P. and Semmann, Dirk},
    journal = rtsb,
    volume = {365},
    number = {1553},
    pages = {2663--2674},
    year = {2010},
    doi = {10.1098/rstb.2010.0157},
}

@article{metta:2006:yarp,
    author = {Metta, Giorgio and Fitzpatrick, Paul and Natale, Lorenzo},
    title = {{YARP: Yet Another Robot Platform}},
    journal = {International Journal on Advanced Robotics Systems},
    year = {2006},
    volume = {3},
    number = {1},
    pages = {43--48},
    doi = {10.5772/5761}
}

@article{metta:2010:nn,
    author = {Metta, Giorgio and Natale, Lorenzo and Nori, Francesco and Sandini, Giulio and Vernon, David and Fadiga, Luciano and von Hofsten, Claes and Rosander, Kerstin and Lopes, Manuel and Santos-Victor, José and Bernardino, Alexandre and Montesano, Luis},
    title = {{The iCub humanoid robot: An open-systems platform for research in cognitive development}},
    journal = nn,
    year = {2010},
    volume = {23},
    number = {8},
    pages = {1125--1134},
    doi = {10.1016/j.neunet.2010.08.010}
}

@article{misra:2016:ijrr,
    author = {Misra, Dipendra K. and Sung, Jaeyong and Lee, Kevin and Saxena, Ashutosh},
    title = {{Tell me Dave: Context-sensitive grounding of natural language to manipulation instructions}},
    journal = ijrr,
    year = {2016},
    volume = {35},
    number = {1-3},
    pages = {281--300},
    doi = {10.1177/0278364915602060}
}

@article{mitra:2007:review,
    author = {Mitra, Sushmita and Acharya, Tinku},
    title = {{Gesture Recognition: A Survey}},
    journal = smcc,
    year = {2007},
    volume = {37},
    number = {3},
    pages = {311--324},
    doi = {10.1109/TSMCC.2007.893280}
}

@article{moldovan:2018:ar,
    author = {Moldovan, Bogdan and Moreno, Plinio and Nitti, Davide and Santos-Victor, José and De Raedt, Luc},
    title = {{Relational Affordance for Multiple-Object Manipulation}},
    journal = ar,
    year = {2018},
    volume = {42},
    number = {1},
    pages = {19--44},
    doi = {10.1007/s10514-017-9637-x}
}

@article{montesano:2008,
    author = {Montesano, Luis and Lopes, Manuel and Bernardino, Alexandre and Santos-Victor, José},
    title = {{Learning Object Affordances: From Sensory--Motor Maps to Imitation}},
    journal = tro,
    year = {2008},
    number = {1},
    pages = {15--26},
    volume = {24},
    doi = {10.1109/TRO.2007.914848}
}

@article{morse:2016:cogsci,
    author = {Morse, Anthony F. and Cangelosi, Angelo},
    title = {{Why Are There Developmental Stages in Language Learning? A Developmental Robotics Model of Language Development}},
    journal = {Cognitive Science},
    year = {2016},
    volume = {41},
    pages = {32--51},
    doi = {10.1111/cogs.12390}
}

@article{moulin-frier:2018:tcds,
    title = {{DAC-h3: A Proactive Robot Cognitive Architecture to Acquire and Express Knowledge About the World and the Self}},
    author = {Moulin-Frier, Clément and Fischer, Tobias and Petit, Maxime and Pointeau, Grégoire and Puigbo, Jordi-Ysard and Pattacini, Ugo and Low, Sock Ching and Camilleri, Daniel and Nguyen, Phuong and Hoffmann, Matej and Chang, Hyung Jin and Zambelli, Martina and Mealier, Anne-Laure and Damianou, Andreas and Metta, Giorgio and Prescott, Tony J. and Demiris, Yiannis and Dominey, Peter Ford and Verschure, Paul F. M. J.},
    journal = tcds,
    year = {2018},
    volume = {10},
    number = {4},
    pages = {1005--1022},
    doi = {10.1109/TCDS.2017.2754143}
}

@article{mueller:2000:psych,
    title = {{The role of social interaction in Piaget's theory: language for social cooperation and social cooperation for language}},
    author = {Müller, Ulrich and Carpendale, Jeremy I. M.},
    journal = {New Ideas in Psychology},
    year = {2000},
    volume = {18},
    number = {2},
    pages = {139--156},
    doi = {10.1016/S0732-118X(00)00004-0}
}

@article{norman:2002:bbs,
    author = {Norman, Joel},
    title = {{Two visual systems and two theories of perception: An attempt to reconcile the constructivist and ecological approaches}},
    journal = {Behavioral and Brain Sciences},
    year = {2002},
    volume = {25},
    number = {1},
    pages = {73--96},
    doi = {10.1017/S0140525X0200002X}
}

@article{ojala:2002:pami,
    author = {Ojala, Timo and Pietikäinen, Matti and Mäenpää, Topi},
    title = {{Multiresolution Gray-Scale and Rotation Invariant Texture Classification with \aclp{LBP}}},
    journal = pami,
    year = {2002},
    volume = {24},
    number = {7},
    pages = {971--987},
    doi = {10.1109/TPAMI.2002.1017623}
}

@article{pacella:2017:emotions,
    author = {Pacella, Daniela and Ponticorvo, Michela and Gigliotta, Onofrio and Miglino, Orazio},
    title = {{Basic emotions and adaptation. A computational and evolutionary model}},
    journal = {PLoS one},
    year = {2017},
    volume = {12},
    number = {11},
    pages = {e0187463},
    doi = {10.1371/journal.pone.0187463}
}

@article{pastra:2012:rstb,
    author = {Pastra, Katerina and Aloimonos, Yiannis},
    title = {{The minimalist grammar of action}},
    journal = rtsb,
    year = {2012},
    volume = {367},
    number = {1585},
    pages = {103--117},
    doi = {10.1098/rstb.2011.0123}
}

@article{pasula:2007:jair,
    title = {{Learning Symbolic Models of Stochastic Domains}},
    author = {Pasula, Hanna M. and Zettlemoyer, Luke S. and Kaelbling, Leslie Pack},
    journal = jair,
    volume = {29},
    pages = {309--352},
    year = {2007},
    doi = {10.1613/jair.2113},
}

@article{pulvermuller:2005:broca,
    author = {Pulvermüller, Friedemann},
    title = {Brain mechanisms linking language and action},
    journal = nrn,
    year = {2005},
    volume = {6},
    number = {7},
    pages = {576--582},
    doi = {10.1038/nrn1706}
}

@article{proverbio:2011:neuro,
    author = {Proverbio, Alice Mado and Adorni, Roberta and D'Aniello, Guido Edoardo},
    title = {250 ms to code for action affordance during observation of manipulable objects},
    journal = {Neuropsychologia},
    year = {2011},
    volume = {49},
    number = {9},
    pages = {2711--2717},
    doi = {10.1016/j.neuropsychologia.2011.05.019}
}

@article{rabiner:1989:hmm,
    author = {Rabiner, Lawrence R.},
    title = {{A Tutorial on Hidden Markov Models and Selected Applications in Speech Recognition}},
    journal = {Proceedings of the IEEE},
    year = {1989},
    volume = {77},
    number = {2},
    pages = {257--286},
    doi = {10.1109/5.18626}
}

@article{raffard:2016:schizophrenia,
    author = {Raffard, Stéphane and Bortolon, Catherine and Khoramshahi, Mahdi and Salesse, Robin N. and Burca, Marianna and Marin, Ludovic and Bardy, Benoit G. and Billard, Aude and Macioce, Valérie and Capdevielle, Delphine},
    title = {{Humanoid robots versus humans: How is emotional valence of facial expressions recognized by individuals with schizophrenia? An exploratory study}},
    journal = {Schizophrenia research},
    year = {2016},
    volume = {176},
    number = {2-3},
    pages = {506--513},
    doi = {10.1016/j.schres.2016.06.001}
}

@article{ramirez-amaro:2015:ai,
    author = {Ramirez-Amaro, Karinne and Beetz, Michael and Cheng, Gordon},
    title = {Transferring skills to humanoid robots by extracting semantic representations from observations of human activities},
    journal = ai,
    year = {2015},
    volume = {247},
    pages = {95--118},
    doi = {10.1016/j.artint.2015.08.009}
}

@article{ramnani:2004:natureneuro,
    author = {Ramnani, Narender and Miall, R. Christopher},
    title = {A system in the human brain for predicting the actions of others},
    journal = natneuro,
    year = {2004},
    volume = {7},
    number = {1},
    pages = {85--90},
    doi = {10.1038/nn1168}
}

@article{rautaray:2015:survey,
    author = {Rautaray, Siddharth S. and Agrawal, Anupam},
    title = {Vision based hand gesture recognition for human computer interaction: a survey},
    journal = {\acl{AI} Review},
    year = {2015},
    volume = {43},
    number = {1},
    pages = {1--54},
    doi = {10.1007/s10462-012-9356-9}
}

@article{rizzolatti:2001:nrn,
    author = {Rizzolatti, Giacomo and Fogassi, Leonardo and Gallese, Vittorio},
    title = {Neurophysiological mechanisms underlying the understanding and imitation of action},
    journal = nrn,
    year = {2001},
    pages = {661--670},
    volume = {2},
    doi = {10.1038/35090060}
}

@article{rizzolatti:2004:arn,
    author = {Rizzolatti, Giacomo and Craighero, Laila},
    title = {The mirror-neuron system},
    journal = {Annual Review of Neuroscience},
    year = {2004},
    volume = {27},
    pages = {169--192},
    doi = {10.1146/annurev.neuro.27.070203.144230}
}

@article{rubner:2000:earth,
    author = {Rubner, Yossi and Tomasi, Carlo and Guibas, Leonidas J.},
    title = {{The Earth Mover's Distance as a Metric for Image Retrieval}},
    journal = ijcv,
    year = {2000},
    volume = {40},
    number = {2},
    pages = {99--121},
    doi = {10.1023/A:1026543900054}
}

@article{salvi:2012:smcb,
    author = {Salvi, Giampiero and Montesano, Luis and Bernardino, Alexandre and Santos-Victor, Jose},
    title = {{Language Bootstrapping: Learning Word Meanings From Perception--Action Association}},
    journal = smcb,
    year = {2012},
    volume = {42},
    number = {3},
    pages = {660--671},
    doi = {10.1109/TSMCB.2011.2172420}
}

@article{saponaro:2019:language,
    author = {Saponaro, Giovanni and Jamone, Lorenzo and Bernardino, Alexandre and Salvi, Giampiero},
    title = {{Beyond the Self: Using Grounded Affordances to Interpret and Describe Others’ Actions}},
    journal = tcds,
    year = {2019},
    doi = {10.1109/TCDS.2018.2882140}
}

@article{saponaro:2018:poeticon++,
    author = {Saponaro, Giovanni and Antunes, Alexandre and Ventura, Rodrigo and Jamone, Lorenzo and Bernardino, Alexandre},
    title = {{Combining Affordance Perception and Probabilistic Planning for Robust Problem Solving in a Cognitive Robot}},
    journal = ar,
    year = {2018},
    note = {Under review},
}

@article{sciutti:2015:fpsyg,
    author = {Sciutti, Alessandra and Ansuini, Caterina and Becchio, Cristina and Sandini, Giulio},
    title = {{Investigating the ability to read others' intentions using humanoid robots}},
    journal = {Frontiers in Psychology},
    year = {2015},
    volume = {6},
    number = {September},
    pages = {1--6},
    doi = {10.3389/fpsyg.2015.01362}
}

@article{shah:2009:pebl,
    author = {Shah, Abhik and Woolf, Peter},
    title = {{Python Environment for Bayesian Learning: Inferring the Structure of \aclp{BN} from Knowledge and Data}},
    journal = {Journal of Machine Learning Research},
    year = {2009},
    volume = {10},
    month = {2},
    pages = {159--162},
}

@article{sisbot:2012:tro,
    author = {Sisbot, Emrah Akin and Alami, Rachid},
    title = {{A Human-Aware Manipulation Planner}},
    journal = tro,
    year = {2012},
    volume = {28},
    number = {5},
    pages = {1045--1057},
    month = {10},
    doi = {10.1109/TRO.2012.2196303}
}

@article{smith:2014:jecp,
    author = {Smith, Linda B. and Street, Sandra and Jones, Susan S. and James, Karin H.},
    title = {{Using the axis of elongation to align shapes: Developmental changes between 18 and 24 months of age}},
    journal = {Journal of Experimental Child Psychology},
    year = {2014},
    volume = {123},
    pages = {15--35},
    doi = {10.1016/j.jecp.2014.01.009}
}

@article{st_amant:2008:animal,
    author = {St. Amant, Robert and Horton, Thomas E.},
    title = {Revisiting the definition of animal tool use},
    journal = {Animal Behaviour},
    year = {2008},
    volume = {75},
    number = {4},
    pages = {1199--1208},
    doi = {10.1016/j.anbehav.2007.09.028}
}

@article{steels:2003:trendscogsci,
    author = {Steels, Luc},
    title = {Evolving grounded communication for robots},
    journal = trendscogsci,
    year = {2003},
    volume = {7},
    number = {7},
    pages = {308--312},
    doi = {10.1016/S1364-6613(03)00129-3}
}

@article{taniguchi:2016:advr,
    author = {Taniguchi, Tadahiro and Nagai, Takayuki and Nakamura, Tomoaki and Iwahashi, Naoto and Ogata, Tetsuya and Asoh, Hideki},
    title = {{Symbol Emergence in Robotics: A Survey}},
    journal = {Advanced Robotics},
    year = {2016},
    number = {11-12},
    pages = {706--728},
    volume = {30},
    doi = {10.1080/01691864.2016.1164622}
}

@article{tellex:2011:ai,
    author = {Tellex, Stefanie and Kollar, Thomas and Dickerson, Steven and Walter, Matthew R. and Banerjee, Ashis Gopal and Teller, Seth and Roy, Nicholas},
    title = {{Approaching the Symbol Grounding Problem with Probabilistic Graphical Models}},
    journal = {AI Magazine},
    year = {2011},
    volume = {32},
    number = {4},
    pages = {64--77},
    issn = {0738-4602},
}

@article{thill:2013:jneubiorev,
    author = {Thill, Serge and Caligiore, Daniele and Borghi, Anna M. and Ziemke, Tom and Baldassarre, Gianluca},
    title = {{Theories and computational models of affordance and mirror systems: An integrative review}},
    journal = {Neuroscience and Biobehavioral Reviews},
    year = {2013},
    volume = {37},
    number = {3},
    pages = {491--521},
    doi = {10.1016/j.neubiorev.2013.01.012}
}

@article{tomasello:2007:cd,
    author = {Tomasello, Michael and Carpenter, Malinda and Liszkowski, Ulf},
    title = {{A New Look at Infant Pointing}},
    journal = childdev,
    year = {2007},
    volume = {78},
    number = {3},
    pages = {705--722},
    doi = {10.1111/j.1467-8624.2007.01025.x}
}

@article{tunik:2007:neuroimage,
    author = {Tunik, Eugene and Rice, Nichola J. and Hamilton, Antonia and Grafton, Scott T.},
    title = {{Beyond grasping: Representation of action in human anterior intraparietal sulcus}},
    journal = {NeuroImage},
    year = {2007},
    volume = {36},
    pages = {T77--T86},
    doi = {10.1016/j.neuroimage.2007.03.026}
}

@article{turing:1950,
    author = {Turing, Alan M.},
    title = {Computing machinery and intelligence},
    journal = {Mind},
    year = {1950},
    volume = {59},
    number = {236},
    pages = {433--460},
    doi = {10.1093/mind/LIX.236.433}
}

@article{ugur:2015:robotica,
    author = {Ugur, Emre and Nagai, Yukie and Celikkanat, Hande and Oztop, Erhan},
    title = {Parental scaffolding as a bootstrapping mechanism for learning grasp affordances and imitation skills},
    journal = {Robotica},
    year = {2015},
    volume = {33},
    number = {5},
    pages = {1163--1180},
    doi = {10.1017/S0263574714002148}
}

@article{ugur:2015:tamd,
    author = {Ugur, Emre and Nagai, Yukie and Sahin, Erol and Oztop, Erhan},
    title = {{Staged Development of Robot Skills: Behavior Formation, Affordance Learning and Imitation with Motionese}},
    journal = tamd,
    year = {2015},
    volume = {7},
    number = {2},
    pages = {119--139},
    doi = {10.1109/TAMD.2015.2426192}
}

@article{vernon:2016:bica,
    author = {Vernon, David and von Hofsten, Claes and Fadiga, Luciano},
    title = {Desiderata for developmental cognitive architectures},
    journal = {Biologically Inspired Cognitive Architectures},
    year = {2016},
    volume = {18},
    pages = {116--127},
    doi = {10.1016/j.bica.2016.10.004}
}

@article{vicente:2016:jint,
    author = {Vicente, Pedro and Jamone, Lorenzo and Bernardino, Alexandre},
    title = {{Robotic Hand Pose Estimation Based on Stereo Vision and GPU-Enabled Internal Graphical Simulation}},
    journal = {Journal of Intelligent \& Robotic Systems},
    year = {2016},
    volume = {83},
    number = {3-4},
    pages = {339--358},
    doi = {10.1007/s10846-016-0376-6}
}

@article{vonhofsten:2004:tcs,
    author = {von Hofsten, Claes},
    title = {An action perspective on motor development},
    journal = trendscogsci,
    year = {2004},
    volume = {8},
    issue = {6},
    pages = {266-272},
    doi = {10.1016/j.tics.2004.04.002}
}

@article{waldherr:2000:ar,
    author = {Waldherr, Stefan and Romero, Roseli and Thrun, Sebastian},
    title = {{A Gesture Based Interface for \HRI}},
    journal = ar,
    year = {2000},
    number = {2},
    pages = {151--173},
    volume = {9},
    doi = {10.1023/A:1008918401478}
}

@article{wang:2013:ijrr,
    author = {Wang, Zhikun and Mülling, Katharina and Deisenroth, Marc Peter and {Ben Amor}, Heni and Vogt, David and Schölkopf, Bernhard and Peters, Jan},
    title = {{Probabilistic Movement Modeling for Intention Inference in \HRI}},
    journal = ijrr,
    year = {2013},
    month = {4},
    number = {7},
    pages = {841--858},
    volume = {32},
    doi = {10.1177/0278364913478447}
}

@article{yu:2009:tamd,
    author = {Yu, Chen and Smith, Linda B. and Shen, Hongwei and Pereira, Alfredo F. and Smith, Thomas},
    title = {{Active Information Selection: Visual Attention Through the Hands}},
    journal = tamd,
    year = {2009},
    volume = {1},
    number = {2},
    pages = {141--151},
    month = {8},
    doi = {10.1109/TAMD.2009.2031513}
}

@article{xu:2009:pnas,
    author = {Xu, Jiang and Gannon, Patrick J. and Emmorey, Karen and Smith, Jason F. and Braun, Allen R.},
    title = {{Symbolic Gestures and Spoken Language Are Processed by a Common Neural System}},
    journal = {Proceedings of the National Academy of Sciences of the United States of America},
    year = {2009},
    volume = {106},
    number = {49},
    pages = {20664--20669},
    doi = {10.1073/pnas.0909197106}
}

@article{yang:2007:tro,
    author = {Yang, Hee-Deok and Park, A-Yeon and Lee, Seong-Whan},
    title = {{Gesture Spotting and Recognition for \HRI}},
    journal = tro,
    year = {2007},
    number = {2},
    volume = {23},
    pages = {256--270},
    month = {4},
    doi = {10.1109/TRO.2006.889491}
}

@article{zech:2017:ab,
    author = {Zech, Philipp and Haller, Simon and Lakani, Safoura Rezapour and Ridge, Barry and Ugur, Emre and Piater, Justus},
    title = {{Computational Models of Affordance in Robotics: A Taxonomy and Systematic Classification}},
    journal = ab,
    year = {2017},
    number = {5},
    volume = {25},
    pages = {235--271},
    doi = {10.1177/1059712317726357}
}

@article{zech:2019:ijrr,
    author={Zech, Philipp and Renaudo, Erwan and Haller, Simon and Zhang, Xiang and Piater, Justus},
    title = {{Action representations in robotics: A taxonomy and systematic classification}},
    journal = ijrr,
    year = {2019},
    volume = {38},
    number = {5},
    pages = {518--562},
    doi = {10.1177/0278364919835020}
}

@article{zhang:2004:shape,
    author = {Zhang, Dengsheng and Lu, Guojun},
    title = {{Review of Shape Representation and Description Techniques}},
    journal = {Pattern Recognition},
    year = {2004},
    month = {1},
    number = {1},
    pages = {1--19},
    volume = {37},
    doi = {10.1016/j.patcog.2003.07.008}
}

% books, book chapters
% ====================

@InCollection{asfour:2019:armar_family,
    author = {Asfour, Tamim and Dillmann, Rüdiger and Vahrenkamp, Nikolaus and Do, Martin and Wächter, Mirko and Mandery, Christian and Kaiser, Peter and Kröhnert, Manfred and Grotz, Markus},
    title = {{The Karlsruhe ARMAR Humanoid Robot Family}},
    booktitle = {Humanoid Robotics: A Reference},
    pages = {337--368},
    year = {2019},
    publisher = {Springer},
    doi = {10.1007/978-94-007-6046-2_23}
}

@InCollection{natale:2019:icub_bookchapter,
    author = {Natale, Lorenzo and Bartolozzi, Chiara and Nori, Francesco and Sandini, Giulio and Metta, Giorgio},
    title = {{iCub}},
    booktitle = {Humanoid Robotics: A Reference},
    pages = {291--323},
    year = {2019},
    publisher = {Springer},
    doi = {10.1007/978-94-007-6046-2_21}
}

@book{beck:1980,
    title = {{Animal Tool Behavior: The Use and Manufacture of Tools by Animals}},
    author = {Beck, Benjamin B.},
    year = {1980},
    publisher = {Garland STPM Press},
    isbn = {978-0824071684}
}

@InCollection{beetz:2016:ai-reasoning,
    author = {Beetz, Michael and Chatila, Raja and Hertzberg, Joachim and Pecora, Federico},
    title = {{\acs{AI} Reasoning Methods for Robotics}},
    booktitle = {Springer Handbook of Robotics},
    year = {2016},
    pages = {329--356},
    publisher = {Springer},
    doi = {10.1007/978-3-319-32552-1_14}
}

@book{bishop:prml,
    title = {{Pattern Recognition and Machine Learning}},
    author = {Bishop, Christopher M.},
    year = {2007},
    publisher = {Springer},
    isbn = {978-0387310732}
}

@book{breazeal:2002:dsr,
    author = {Breazeal, Cynthia},
    title = {{Designing Sociable Robots}},
    year = {2002},
    publisher = {MIT Press},
    isbn = {978-0262025102}
}

@book{cangelosi:2015:devrobbook,
    author = {Cangelosi, Angelo and Schlesinger, Matthew},
    title = {{Developmental Robotics: From Babies to Robots}},
    year = {2015},
    publisher = {MIT Press},
    isbn = {978-0262028011}
}

@book{ekman:1972,
    title = {Emotion in the Human Face: Guidelines for Research and an Integration of Findings},
    author = {Ekman, Paul and Friesen, Wallace V. and Ellsworth, Phoebe},
    year = {1972},
    publisher = {Pergamon},
    isbn = {978-0080166438}
}

@book{jgibson:2014,
    author = {Gibson, James J.},
    title = {{The Ecological Approach to Visual Perception: Classic Edition}},
    publisher = {Psychology Press},
    year = {2014},
    note = {Originally published in 1979 by Houghton Mifflin Harcourt.},
    isbn = {978-1848725782}
}

@book{egibson:1994,
    title = {{An Odyssey in Learning and Perception}},
    author = {Gibson, Eleanor J.},
    year = {1994},
    publisher = {MIT Press},
    isbn = {978-0262571036}
}

@InCollection{iwahashi:2007:hri,
    title = {{Robots that learn language: A developmental approach to situated \hr{} conversations}},
    author = {Iwahashi, Naoto},
    booktitle = {Human Robot Interaction},
    publisher = {InTech},
    year = {2007},
    chapter = {5},
    doi = {10.5772/5188},
}

@book{jensen:1996:intro_bn,
    title = {{An Introduction to \aclp{BN}}},
    author = {Jensen, Finn V.},
    year = {1996},
    publisher = {UCL Press},
    isbn = {978-0387915029}
}

@book{kandel:2000:principles,
    title = {{Principles of Neural Science}},
    author = {Kandel, Eric R. and Schwartz, James H. and Jessell, Thomas M. and Siegelbaum, Steven A. and Hudspeth, A. James},
    year = {2000},
    publisher = {McGraw-Hill},
    edition = {Fifth edition},
    isbn = {978-0071390118}
}

@InCollection{keskin:2011:hand,
    title = {{Hand Gesture Analysis}},
    author = {Keskin, Cem and Aran, Oya and Akarun, Lale},
    booktitle = {Computer Analysis of Human Behavior},
    pages = {125--149},
    year = {2011},
    publisher = {Springer},
    doi = {10.1007/978-0-85729-994-9_6}
}

@book{kohler:mentality_of_apes,
    title = {{The Mentality of Apes}},
    author = {Köhler, Wolfgang},
    year = {2017},
    publisher = {Routledge},
    note = {Originally published in 1925 by Brace \& Company Inc.},
    isbn = {978-1351294959}
}

@book{mcneill:1996,
    title = {{Hand and Mind: What Gestures Reveal About Thought}},
    author = {McNeill, David},
    year = {1996},
    publisher = {University of Chicago Press},
    isbn = {978-0226561349}
}

@book{messing:1999,
    title = {{Gesture, Speech, and Sign}},
    author = {Messing, Lynn S. and Campbell, Ruth},
    year = {1999},
    publisher = {Oxford University Press},
    isbn = {978-0198524519}
}

@InCollection{montesano:2010:bookchap,
    title = {{A Computational Model of Object Affordances}},
    author = {Montesano, Luis and Lopes, Manuel and Melo, Francisco S. and Bernardino, Alexandre and Santos-Victor, José},
    booktitle = {Advances in Cognitive Systems},
    pages = {87--126},
    publisher = {IET Publishers},
    year = {2010},
    chapter = {5},
    doi = {10.1049/PBCE071E_ch5}
}

@InCollection{moratz:2008,
    title = {{Affordance-Based \HRI}},
    author = {Moratz, Reinhard and Tenbrink, Thora},
    booktitle = {Towards Affordance-Based Robot Control},
    pages = {63--76},
    year = {2008},
    publisher = {Springer},
    doi = {10.1007/978-3-540-77915-5_5}
}

@book{murphy:2012:mlprob,
    title = {{Machine Learning: A Probabilistic Perspective}},
    author = {Murphy, Kevin},
    year = 2012,
    publisher = {MIT Press},
    isbn = {978-0262018029}
}

@InCollection{nehaniv:2002:correspondence,
    title = {{{The Correspondence Problem}}},
    author = {Nehaniv, Chrystopher L. and Dautenhahn, Kerstin},
    booktitle = {Imitation in Animals and Artifacts},
    publisher = {MIT Press},
    year = {2002},
    chapter = {2},
    doi = {978-0262527750},
}

@book{pearl:1988:probabilistic,
    title = {{Probabilistic Reasoning in Intelligent Systems: Networks of Plausible Inference}},
    author = {Pearl, Judea},
    year = {1988},
    publisher = {Morgan Kaufmann},
    isbn = {978-1558604797}
}

@book{pfeifer:2006,
    title = {{How the Body Shapes the Way We Think: A New View of Intelligence}},
    author = {Pfeifer, Rolf and Bongard, Josh},
    year = {2006},
    publisher = {MIT press},
    isbn = {978-0262162395}
}

@book{piaget:1962,
    title = {{Play, Dreams \& Imitation in Childhood}},
    author = {Piaget, Jean},
    year = {1962},
    publisher = {W. W. Norton \& Company},
    isbn = {978-0393001716}
}

@InCollection{prassler:2016:domestic,
    author = {Prassler, Erwin and Munich, Mario E. and Pirjanian, Paolo and Kosuge, Kazuhiro},
    title = {{Domestic Robotics}},
    booktitle = {Springer Handbook of Robotics},
    year = {2016},
    pages = {1729--1758},
    publisher = {Springer},
    doi = {10.1007/978-3-319-32552-1_65}
}

@InCollection{robinson:1977:dag,
    title = {Counting unlabeled acyclic digraphs},
    author = {Robinson, Robert W.},
    year = {1977},
    booktitle = {Combinatorial Mathematics V},
    pages = {28--43},
    publisher = {Springer},
    doi = {10.1007/BFb0069178}
}

@book{rosenbaum:2009,
    author = {Rosenbaum, David A.},
    address = {London, UK},
    publisher = {Academic Press},
    title = {{Human Motor Control}},
    year = {2009},
    edition = {Second edition},
    isbn = {978-0123742261}
}

@InCollection{rosenblatt:1977:bioplay,
    title = {Developmental trends in infant play},
    author = {Rosenblatt, Deborah},
    booktitle = {Biology of Play},
    pages = {33--44},
    year = {1977},
    chapter = {4},
    publisher = {JB Lippincott},
    doi = {10.1177/15257401030240040201_4}
}

@book{russell_norvig:ai3,
    author = {Russell, Stuart and Norvig, Peter},
    title = {{\acl{AI}: A Modern Approach}},
    year = {2009},
    publisher = {Pearson},
    edition = {Third edition},
    isbn = {978-0136042594}
}

@InCollection{schaal:2006:dmp,
    author = {Schaal, Stefan},
    title = {{Dynamic Movement Primitives - A Framework for Motor Control in Humans and Humanoid Robotics}},
    booktitle = {Adaptive Motion of Animals and Machines},
    year = {2006},
    pages = {261--280},
    publisher = {Springer},
    doi = {10.1007/4-431-31381-8_23}
}

@book{siciliano:2016:handbook2,
    author = {Siciliano, Bruno and Khatib, Oussama},
    title = {{Springer Handbook of Robotics}},
    year = {2016},
    publisher = {Springer},
    edition = {Second edition},
    isbn = {978-3319325507}
}

@book{sipser:2012:introtc3,
    author = {Sipser, Michael},
    title = {{Introduction to the Theory of Computation}},
    year = {2012},
    publisher = {Cengage Learning},
    edition = {Third edition},
    isbn = {978-1133187813}
}

@InCollection{stoytchev:2008:lnai,
    title = {{Learning the Affordances of Tools using a Behavior-Grounded Approach}},
    author = {Stoytchev, Alexander},
    booktitle = {Towards Affordance-Based Robot Control},
    pages = {140--158},
    year = {2008},
    publisher = {Springer},
    doi = {10.1007/978-3-540-77915-5_10}
}

@book{wigdor:2011,
    title = {Brave NUI World: Designing Natural User Interfaces for Touch and Gestures},
    author = {Wigdor, Daniel and Wixon, Dennis},
    year = {2011},
    publisher = {Elsevier},
    isbn = {978-0123822314}
}

@InCollection{wu:1999:review,
    title = {{Vision-Based Gesture Recognition: A Review}},
    author = {Wu, Ying and Huang, Thomas S},
    booktitle = {{Gesture-Based Communication in \HCI}},
    pages = {103--115},
    year = {1999},
    publisher = {Springer},
    doi = {10.1007/3-540-46616-9_10}
}

@book{young:htkbook,
    title = {{The HTK Book (for HTK Version 3.4)}},
    author = {Young, Steve and Evermann, Gunnar and Gales, Mark and Hain, Thomas and Kershaw, Dan and Liu, Xunying and Moore, Gareth and Odell, Julian and Ollason, Dave and Povey, Dan and others},
    year = {2006},
    publisher = {Cambridge University Engineering Department}
}

% in proceedings, conference and workshop papers, technical reports
% =================================================================

@InProceedings{abelha:2017:iros,
    author = {Abelha, Paulo and Guerin, Frank},
    title = {{Learning How a Tool Affords by Simulating 3D Models from the Web}},
    booktitle = iros,
    year = {2017},
    pages = {4923--4929},
    doi = {10.1109/IROS.2017.8206372}
}

@InProceedings{antunes:2016:icra,
    author = {Antunes, Alexandre and Jamone, Lorenzo and Saponaro, Giovanni and Bernardino, Alexandre and Ventura, Rodrigo},
    title  = {{From Human Instructions to Robot Actions: Formulation of Goals, Affordances and Probabilistic Planning}},
    booktitle = icra,
    year = {2016},
    pages = {5449--5454},
    doi = {10.1109/ICRA.2016.7487757}
}

@InProceedings{antunes:2017:icdl,
    author = {Antunes, Alexandre and Saponaro, Giovanni and Morse, Anthony and Jamone, Lorenzo and Santos-Victor, José and Cangelosi, Angelo},
    title = {{Learn, Plan, Remember: A Developmental Robot Architecture for Task Solving}},
    booktitle = icdl_epirob,
    year = {2017},
    pages = {283--289},
    doi = {10.1109/DEVLRN.2017.8329819}
}

@InProceedings{araki:2012:iros,
    author = {Araki, Takaya and Nakamura, Tomoaki and Nagai, Takayuki and Nagasaka, Shogo and Taniguchi, Tadahiro and Iwahashi, Naoto},
    title = {{Online Learning of Concepts and Words Using Multimodal LDA and Hierarchical Pitman--Yor Language Model}},
    booktitle = iros,
    pages = {1623--1630},
    year = {2012},
    doi = {10.1109/IROS.2012.6385812}
}

@InProceedings{argall:2010:icdl,
    author = {Argall, Brenna D. and Sauser, Eric L. and Billard, Aude G.},
    title = {{Tactile Guidance for Policy Refinement and Reuse}},
    booktitle = icdl,
    year = {2010},
    pages = {7--12},
    doi = {10.1109/DEVLRN.2010.5578872}
}

@InProceedings{barros:2015:humanoids,
    author = {Barros, Pablo and Weber, Cornelius and Wermter, Stefan},
    title = {Emotional expression recognition with a cross-channel convolutional neural network for \hri},
    booktitle = humanoids,
    year = {2015},
    pages = {582--587},
    doi = {10.1109/HUMANOIDS.2015.7363421}
}

@InProceedings{caccavale:2017:icdl,
    author = {Caccavale, Riccardo and Saveriano, Matteo and Fontanelli, Giuseppe and Ficuciello, Fanny and Lee, Dongheui and Finzi, Alberto},
    title = {{Imitation Learning and Attentional Supervision of Dual-Arm Structured Tasks}},
    booktitle = icdl_epirob,
    year = {2017},
}

@InProceedings{campbell:1996:features,
    author = {Campbell, Lee W. and Becker, David A. and Azarbayejani, Ali and Bobick, Aaron F. and Pentland, Alex},
    title = {{Invariant Features for 3-D Gesture Recognition}},
    booktitle = {IEEE Conference on Automatic Face and Gesture Recognition},
    year = {1996},
    pages = {157},
    doi = {10.1109/AFGR.1996.557258}
}

@InProceedings{chen_mooney:2011:aaai,
    author = {Chen, David L. and Mooney, Raymond J.},
    title = {{Learning to Interpret Natural Language Navigation Instructions from Observations}},
    booktitle = aaai,
    year = {2011},
    pages = {859--865}
}

@InProceedings{chu:2016:hri,
    author = {Chu, Vivian and Fitzgerald, Tesca and Thomaz, Andrea L.},
    title = {{Learning Object Affordances by Leveraging the Combination of Human-Guidance and Self-Exploration}},
    year = {2016},
    booktitle = hri,
    pages = {221--228},
    doi = {10.1109/HRI.2016.7451755}
}

@InProceedings{dehban:2016:eccvws,
    author = {Dehban, Atabak and Jamone, Lorenzo and Kampff, Adam R. and Santos-Victor, José},
    title = {{A Moderately Large Size Dataset to Learn Visual Affordances of Objects and Tools Using iCub Humanoid Robot}},
    booktitle = eccv,
    year = {2016},
    series = {Workshop on Action and Anticipation for Visual Learning}
}

@InProceedings{dehban:2016:icra,
    author={Dehban, Atabak and Jamone, Lorenzo and Kampff, Adam R. and Santos-Victor, José},
    title = {{Denoising Auto-encoders for Learning of Objects and Tools Affordances in Continuous Space}},
    booktitle = icra,
    year = {2016},
    pages = {4866--4871},
    doi = {10.1109/ICRA.2016.7487691}
}

@InProceedings{dehban:2017:humanoids,
    author = {Dehban, Atabak and Jamone, Lorenzo and Kampff, Adam R. and Santos-Victor, José},
    title = {{A Deep Probabilistic Framework for Heterogeneous Self-Supervised Learning of Affordances}},
    booktitle = humanoids,
    year = {2017},
    pages = {476--483},
    doi = {10.1109/HUMANOIDS.2017.8246915}
}

@InProceedings{dragan:2013:hri,
    author = {Dragan, Anca D. and Lee, Kenton C.~T. and Srinivasa, Siddhartha S.},
    title = {{Legibility and Predictability of Robot Motion}},
    booktitle = hri,
    year = {2013},
    pages = {301--308},
    doi = {10.1109/HRI.2013.6483603}
}

@InProceedings{dragan:2015:hri,
    author = {Dragan, Anca D. and Bauman, Shira and Forlizzi, Jodi and Srinivasa, Siddhartha S.},
    title = {{Effects of Robot Motion on \HR{} Collaboration}},
    booktitle = hri,
    year = {2015},
    pages = {51--58},
    doi = {10.1145/2696454.2696473}
}

@InProceedings{dzifcak:2009:icra,
    author = {Dzifcak, Juraj and Scheutz, Matthias and Baral, Chitta and Schermerhorn, Paul},
    title = {{What to do and how to do it: Translating Natural Language Directives into Temporal and Dynamic Logic Representation for Goal Management and Action Execution}},
    booktitle = icra,
    year = {2009},
    doi = {10.1109/ROBOT.2009.5152776}
}

@InProceedings{eppe:2016:iros,
    author = {Eppe, Manfred and Trott, Sean and Feldman, Jerome},
    title = {{Exploiting Deep Semantics and Compositionality of Natural Language for \HRI}},
    booktitle = iros,
    year = {2016},
    pages = {731--738},
    doi = {10.1109/IROS.2016.7759133}
}

@InProceedings{falstrom:2017:glu,
    author = {Fahlström Myrman, Arvid and Salvi, Giampiero},
    title = {{Partitioning of Posteriorgrams Using Siamese Models for Unsupervised Acoustic Modelling}},
    booktitle = glu,
    year = {2017},
    pages = {27--31},
    doi = {10.21437/GLU.2017-6}
}

@InProceedings{fanello:2014:humanoids,
    author = {Fanello, Sean Ryan and Pattacini, Ugo and Gori, Ilaria and Tikhanoff, Vadim and Randazzo, Marco and Roncone, Alessandro and Odone, Francesca and Metta, Giorgio},
    title = {{3D Stereo Estimation and Fully Automated Learning of Eye--Hand Coordination in Humanoid Robots}},
    booktitle = humanoids,
    year = {2014},
    pages = {1028--1035},
    doi = {10.1109/HUMANOIDS.2014.7041491}
}

@InProceedings{fitzpatrick:2003:icra,
    title = {{Learning About Objects Through Action: Initial Steps Towards Artificial Cognition}},
    author = {Fitzpatrick, Paul and Metta, Giorgio and Natale, Lorenzo and Rao, Sajit and Sandini, Giulio},
    booktitle = icra,
    year = {2003},
    pages = {3140--3145},
    doi = {10.1109/ROBOT.2003.1242073}
}

@InProceedings{gao:2018:acl,
    author = {Gao, Qiaozi and Yang, Shaohua and Chai, Joyce and Vanderwende, Lucy},
    title = {{What Action Causes This? Towards Naive Physical Action--Effect Prediction}},
    booktitle = acl,
    year = {2018},
    pages = {934--945},
}

@InProceedings{goldman:2009:icaps,
    author = {Goldman, Robert P.},
    title = {{A Semantics for HTN Methods}},
    booktitle = icaps,
    year = {2009},
    pages = {146--153}
}

@InProceedings{goncalves:2014:icarsc,
    author     = {Gonçalves, Afonso and Saponaro, Giovanni and Jamone, Lorenzo and Bernardino, Alexandre},
    title      = {{Learning Visual Affordances of Objects and Tools through Autonomous Robot Exploration}},
    booktitle  = {{IEEE International Conference on Autonomous Robot Systems and Competitions}},
    year       = {2014},
    pages      = {128--133},
    doi        = {10.1109/ICARSC.2014.6849774}
}

@InProceedings{goncalves:2014:icdl,
    author    = {Gonçalves, Afonso and Abrantes, João and Saponaro, Giovanni and Jamone, Lorenzo and Bernardino, Alexandre},
    title     = {{Learning Intermediate Object Affordances: Towards the Development of a Tool Concept}},
    booktitle = icdl_epirob,
    year      = {2014},
    pages     = {482--488},
    doi       = {10.1109/DEVLRN.2014.6983027}
}

@InProceedings{jiang:2013:cvpr,
    author = {Jiang, Yun and Koppula, Hema and Saxena, Ashutosh},
    title = {{Hallucinated Humans as the Hidden Context for Labeling 3D Scenes}},
    booktitle = cvpr,
    year = {2013},
    pages = {2993--3000},
    doi = {10.1109/CVPR.2013.385}
}

@InProceedings{kaelbling:2011:icra,
    title = {{Hierarchical Task and Motion Planning in the Now}},
    author = {Kaelbling, Leslie Pack and Lozano-Pérez, Tomás},
    booktitle = icra,
    year = {2011},
    pages = {1470--1477},
    doi = {10.1109/ICRA.2011.5980391},
}

@InProceedings{kanda:2003:ijcai,
    title = {{Body Movement Analysis of \HRI}},
    author = {Kanda, Takayuki and Ishiguro, Hiroshi and Imai, Michita and Ono, Tetsuo},
    booktitle = ijcai,
    year = {2003},
    pages = {177--182}
}

@InProceedings{konidaris:2014:aaai,
    author = {Konidaris, George and Kaelbling, Leslie Pack and Lozano-Pérez, Tomás},
    title = {{Constructing Symbolic Representations for High-Level Planning}},
    booktitle = aaai,
    year = {2014}
}

@InProceedings{kozima:2002:epirob,
    title = {Emergence of imitation mediated by objects},
    author = {Kozima, Hideki and Nakagawa, Cocoro and Yano, Hiroyuki},
    booktitle = {International Conference on Epigenetic Robotics},
    year = {2002},
    pages = {59--61}
}

@InProceedings{lallee:2013:iros,
    author = {Lallée, Stéphane and Hamann, Katharina and Steinwender, Jasmin and Warneken, Felix and Martinez, Uriel and Barron-Gonzales, Hector and Pattacini, Ugo and Gori, Ilaria and Petit, Maxime and Metta, Giorgio and Verschure, Paul and Dominey, Peter Ford},
    title = {{Cooperative Human Robot Interaction Systems: IV. Communication of Shared Plans with Naïve Humans using Gaze and Speech}},
    booktitle = iros,
    year = {2013},
    pages = {129--136},
    doi = {10.1109/IROS.2013.6696343}
}

@InProceedings{lopes:2004:baltazar,
    author = {Lopes, Manuel and Beira, Ricardo and Praça, Miguel and Santos-Victor, José},
    title = {{An Anthropomorphic Robot Torso for Imitation: Design and Experiments}},
    booktitle = iros,
    year = {2004},
    pages = {661--667},
    doi = {10.1109/IROS.2004.1389428}
}

@InProceedings{lopes:2007:iros,
    author = {Lopes, Manuel and Melo, Francisco S. and Montesano, Luis},
    title = {{Affordance-based imitation learning in robots}},
    booktitle = iros,
    year = {2007},
    pages = {1015--1021},
    doi = {10.1109/IROS.2007.4399517}
}

@InProceedings{lowe:1999:sift,
    author = {Lowe, David G.},
    title = {{Object Recognition from Local Scale-Invariant Features}},
    booktitle = iccv,
    pages = {1150--1157},
    volume = {2},
    year = {1999},
    doi = {10.1109/ICCV.1999.790410}
}

@InProceedings{lozano:1987:icra,
    author = {Lozano-Pérez, Tomás and Jones, Joseph L. and Mazer, Emmanuel and O'Donnell, Patrick A. and Grimson, W. Eric L. and Tournassoud, Pierre and Lanusse, Alain},
    title = {{Handey: A Robot System that Recognizes, Plans, and Manipulates}},
    booktitle = icra,
    year = {1987},
    pages = {843--849},
    doi = {10.1109/ROBOT.1987.1087847}
}

@InProceedings{lozano:2014:iros,
    author = {Lozano-Pérez, Tomás and Kaelbling, Leslie Pack},
    title = {A constraint-based method for solving sequential manipulation planning problems},
    booktitle = iros,
    year = {2014},
    pages = {3684--3691},
    doi = {10.1109/IROS.2014.6943079}
}

@InProceedings{matuszek:2012:icml,
    author = {Matuszek, Cynthia and FitzGerald, Nicholas and Zettlemoyer, Luke and Liefeng, Bo and Fox, Dieter},
    title = {{A Joint Model of Language and Perception for Grounded Attribute Learning}},
    booktitle = icml,
    year = {2012},
    pages = {1671--1678},
    isbn = {978-1450312851}
}

@InProceedings{matuszek:2013:er,
    author = {Matuszek, Cynthia and Herbst, Evan and Zettlemoyer, Luke and Fox, Dieter},
    title = {{Learning to Parse Natural Language Commands to a Robot Control System}},
    booktitle = {Experimental Robotics},
    year = {2013},
    volume = {88},
    pages = {515--529},
    doi = {10.1007/978-3-319-00065-7}
}

@InProceedings{matuszek:2014:aaai,
    author = {Matuszek, Cynthia and Bo, Liefeng and Zettlemoyer, Luke and Fox, Dieter},
    title = {{Learning from Unscripted Deictic Gesture and Language for \HRI{}s}},
    booktitle = aaai,
    year = {2014},
    pages = {2556--2563}
}

@TechReport{mavroeidis:2016:praxicon,
    title = {{The PRAXICON database, version 1.0}},
    author = {Mavroeidis, Dimitris and Pastra, Katerina},
    year = {2016},
    institution = {CSRI},
    url = {https://github.com/CSRI/PraxiconDB}
}

@InProceedings{nakamura:2009:iros,
    author = {Nakamura, Tomoaki and Nagai, Takayuki and Iwahashi, Naoto},
    title = {{Grounding of Word Meanings in Multimodal Concepts Using LDA}},
    booktitle = iros,
    year = {2009},
    pages = {3943--3948},
    doi = {10.1109/IROS.2009.5354736}
}

@InProceedings{nourbakhsh:1998:wac,
    author = {Nourbakhsh, Illah R.},
    title = {{Using Abstraction to Interleave Planning and Execution}},
    booktitle = {Third Biannual World Automation Congress},
    year = {1998},
    pages = {66--72}
}

@InProceedings{osorio:2010:iros,
    author = {Osório, Pedro and Bernardino, Alexandre and Martinez-Cantin, Ruben and Santos-Victor, José},
    title = {{\aclp{GMM} for Affordance Learning using \aclp{BN}}},
    booktitle = iros,
    year = {2010},
    pages = {4432--4437},
    doi = {10.1109/IROS.2010.5650297}
}

@InProceedings{pan:2006:ictai,
    author = {Pan, Rong and Peng, Yun and Ding, Zhongli},
    title = {{Belief Update in \aclp{BN} Using Uncertain Evidence}},
    booktitle = ictai,
    year = {2006},
    pages = {441--444},
    doi = {10.1109/ICTAI.2006.39}
}

@InProceedings{pasquale:2016:iros,
    author = {Pasquale, Giulia and Ciliberto, Carlo and Rosasco, Lorenzo and Natale, Lorenzo},
    title = {{Object Identification from Few Examples by Improving the Invariance of a Deep Convolutional Neural Network}},
    booktitle = iros,
    year = {2016},
    doi = {10.1109/IROS.2016.7759720}
}

@InProceedings{pastra:2008:praxicon,
    title = {PRAXICON: the development of a grounding resource},
    author = {Pastra, Katerina},
    booktitle = {International Workshop on \HCI},
    year = {2008}
}

@InProceedings{pattacini:2010:iros,
    author = {Pattacini, Ugo and Nori, Francesco and Natale, Lorenzo and Metta, Giorgio and Sandini, Giulio},
    title = {{An Experimental Evaluation of a Novel Minimum-Jerk Cartesian Controller for Humanoid Robots}},
    booktitle = iros,
    year = {2010},
    doi = {10.1109/IROS.2010.5650851}
}

@InProceedings{py:2010:aamas,
    author = {Py, Frédéric and Rajan, Kanna and McGann, Conor},
    title = {{A Systematic Agent Framework for Situated Autonomous Systems}},
    booktitle = aamas,
    year = {2010},
    pages = {583--590}
}

@InProceedings{quigley:2009:ros,
    author = {Quigley, Morgan and Conley, Ken and Gerkey, Brian and Faust, Josh and Foote, Tully and Leibs, Jeremy and Wheeler, Rob and Ng, Andrew Y.},
    title = {{ROS: An Open-Source Robot Operating System}},
    booktitle = icra,
    series = {Workshop on Open-Source Software},
    year = {2009},
    volume = {3},
    number = {3.2},
    pages = {5}
}

@InProceedings{roncone:2016:rss,
    author = {Roncone, Alessandro and Pattacini, Ugo and Metta, Giorgio and Natale, Lorenzo},
    title = {{A Cartesian 6-DoF Gaze Controller for Humanoid Robots}},
    booktitle = rss,
    year = {2016},
    doi = {10.15607/RSS.2016.XII.022}
}

@InProceedings{santoro:2017:relational_reasoning,
    title = {A simple neural network module for relational reasoning},
    author = {Santoro, Adam and Raposo, David and Barrett, David G.T. and Malinowski, Mateusz and Pascanu, Razvan and Battaglia, Peter and Lillicrap, Timothy},
    booktitle = nips,
    year = {2017},
    pages = {4974--4983},
}

@InProceedings{saponaro:2011:hri,
    author = {Saponaro, Giovanni and Bernardino, Alexandre},
    title = {{Generation of Meaningful Robot Expressions with Active Learning}},
    booktitle = hri,
    year = {2011},
    series = {{Late Breaking Report}},
    pages = {243--244},
    doi = {10.1145/1957656.1957752}
}

@InProceedings{saponaro:2013:crhri,
    author = {Saponaro, Giovanni and Salvi, Giampiero and Bernardino, Alexandre},
    title = {{Robot Anticipation of Human Intentions through Continuous Gesture Recognition}},
    booktitle = {{International Conference on Collaboration Technologies and Systems}},
    series = {International Workshop on Collaborative Robots and \HRI},
    year = {2013},
    pages = {218--225},
    doi = {10.1109/CTS.2013.6567232}
}

@InProceedings{saponaro:2017:glu,
    author = {Saponaro, Giovanni and Jamone, Lorenzo and Bernardino, Alexandre and Salvi, Giampiero},
    title = {{Interactive Robot Learning of Gestures, Language and Affordances}},
    booktitle = glu,
    note = {Satellite of Interspeech},
    year = {2017},
    pages = {83--87},
    doi = {10.21437/GLU.2017-17}
}

@InProceedings{saponaro:2017:icdl,
    author = {Saponaro, Giovanni and Vicente, Pedro and Dehban, Atabak and Jamone, Lorenzo and Bernardino, Alexandre and Santos-Victor, José},
    title = {{Learning at the Ends: From Hand to Tool Affordances in Humanoid Robots}},
    booktitle = icdl_epirob,
    year = {2017},
    pages = {331--337},
    doi = {10.1109/DEVLRN.2017.8329826}
}

@InProceedings{schydlo:2018:icra,
    author = {Schydlo, Paul and Raković, Mirko and Jamone, Lorenzo and Santos-Victor, José},
    title = {{Anticipation in Human-Robot Cooperation: A Recurrent Neural Network Approach for Multiple Action Sequences Prediction}},
    booktitle = icra,
    year = {2018},
    pages = {5909--5914},
    doi = {10.1109/ICRA.2018.8460924}
}

@InProceedings{schillaci:2012:hbu,
    author = {Schillaci, Guido and Lara, Bruno and Hafner, Verena V.},
    title = {{Internal Simulations for Behaviour Selection and Recognition}},
    booktitle = {International Workshop on Human Behavior Understanding},
    pages = {148--160},
    year = {2012},
    doi = {10.1007/978-3-642-34014-7_13}
}

@InProceedings{sinapov:2007:icdl,
    author = {Sinapov, Jivko and Stoytchev, Alexander},
    title = {Learning and Generalization of Behavior-Grounded Tool Affordances},
    booktitle = icdl,
    year = {2007},
    pages = {19--24},
    doi = {10.1109/DEVLRN.2007.4354064}
}

@InProceedings{srivastava:2014:icra,
    author = {Srivastava, Siddharth and Fang, Eugene and Riano, Lorenzo and Chitnis, Rohan and Russell, Stuart and Abbeel, Pieter},
    title = {{Combined Task and Motion Planning Through an Extensible Planner-Independent Interface Layer}},
    booktitle = icra,
    year = {2014},
    pages = {639--646},
    doi = {10.1109/ICRA.2014.6906922}
}

@InProceedings{stramandinoli:2016:icdl,
    author = {Stramandinoli, Francesca and Tikhanoff, Vadim and Pattacini, Ugo and Nori, Francesco},
    title = {{Grounding Speech Utterances in Robotics Affordances: An Embodied Statistical Language Model}},
    booktitle = icdl_epirob,
    year = {2016},
    pages = {79--86},
    doi = {10.1109/DEVLRN.2016.7846794}
}

@InProceedings{stoytchev:2005:icra,
    author = {Stoytchev, Alexander},
    title = {{Behavior-Grounded Representation of Tool Affordances}},
    booktitle = icra,
    year = {2005},
    pages = {3060--3065},
    doi = {10.1109/ROBOT.2005.1570580}
}

@InProceedings{szokolszky:2010,
    author = {Szokolszky, Ágnes and Devánszky, Éva},
    title = {{The Development of Spoon-Use in the Daily Routine of Infants: A Naturalistic Observation Study}},
    booktitle = {Studies in Perception and Action IX: Fourteenth International Conference on Perception and Action},
    year = {2010},
    pages = {74--78}
}

@InProceedings{tellex:2011:aaai,
    author = {Tellex, Stefanie and Kollar, Thomas and Dickerson, Steven and Walter, Matthew R. and Banerjee, Ashis Gopal and Teller, Seth and Roy, Nicholas},
    title = {{Understanding Natural Language Commands for Robotic Navigation and Mobile Manipulation}},
    booktitle = aaai,
    year = {2011},
    pages = {1507--1514}
}

@InProceedings{tikhanoff:2008:icubsim,
    author = {Tikhanoff, Vadim and Fitzpatrick, Paul and Metta, Giorgio and Natale, Lorenzo and Nori, Francesco and Cangelosi, Angelo},
    title = {{An Open Source Simulator for Cognitive Robotics Research: The Prototype of the iCub Humanoid Robot Simulator}},
    booktitle = {Workshop on Performance Metrics for Intelligent Systems},
    year = {2008},
    doi = {10.1145/1774674.1774684}
}

@InProceedings{tikhanoff:2013:humanoids,
    author = {Tikhanoff, Vadim and Pattacini, Ugo and Natale, Lorenzo and Metta, Giorgio},
    title = {{Exploring affordances and tool use on the iCub}},
    booktitle = humanoids,
    year = {2013},
    doi = {10.1109/HUMANOIDS.2013.7029967}
}

@InProceedings{tong:2000,
    author = {Tong, Simon and Koller, Daphne},
    title = {{Active Learning for Parameter Estimation in \aclp{BN}}},
    booktitle = {Neural Information Processing Systems},
    year = {2000},
    volume = {13},
    pages = {647--653}
}

@InProceedings{ugur:2015:humanoids,
    author = {Ugur, Emre and Piater, Justus},
    title = {Refining discovered symbols with multi-step interaction experience},
    booktitle = humanoids,
    year = {2015},
    pages = {1007--1012},
    doi = {10.1109/HUMANOIDS.2015.7363477}
}

@InProceedings{ugur:2015:icra,
    author = {Ugur, Emre and Piater, Justus},
    title = {{Bottom-Up Learning of Object Categories, Action Effects and Logical Rules: From Continuous Manipulative Exploration to Symbolic Planning}},
    booktitle = icra,
    year = {2015},
    pages = {2627--2633},
    doi = {10.1109/ICRA.2015.7139553}
}

@InProceedings{vanhainen:2012:interspeech,
    author = {Vanhainen, Niklas and Salvi, Giampiero},
    title = {{Word Discovery with Beta Process Factor Analysis}},
    booktitle = interspeech,
    year = {2012},
    pages = {798--802}
}

@InProceedings{vanhainen:2014:icassp,
    author = {Vanhainen, Niklas and Salvi, Giampiero},
    title = {{Pattern Discovery in Continuous Speech Using Block Diagonal Infinite HMM}},
    booktitle = icassp,
    year = {2014},
    pages = {3719--3723},
    doi = {10.1109/ICASSP.2014.6854296}
}

@InProceedings{wolfe:2010:icaps,
    title = {{Combined Task and Motion Planning for Mobile Manipulation}},
    author = {Wolfe, Jason and Marthi, Bhaskara and Russell, Stuart},
    booktitle = icaps,
    year = {2010}
}

@InProceedings{wood:2005:sieds,
    author = {Wood, Alexander B. and Horton, Thomas E. and St. Amant, Robert},
    title = {{Effective Tool Use in a Habile Agent}},
    booktitle = sieds,
    year = {2005},
    pages = {75--81},
    doi = {10.1109/SIEDS.2005.193241}
}

@InProceedings{wu:2015:cvpr,
    author = {Wu, Chenxia and Zhang, Jiemi and Savarese, Silvio and Saxena, Ashutosh},
    title = {{Watch-n-Patch: Unsupervised Understanding of Actions and Relations}},
    booktitle = cvpr,
    year = {2015},
    pages = {4362--4370},
    doi = {10.1109/CVPR.2015.7299065}
}

@InProceedings{wu:2016:icra,
    author = {Wu, Chenxia and Zhang, Jiemi and Selman, Bart and Savarese, Silvio and Saxena, Ashutosh},
    title = {{Watch-Bot: Unsupervised Learning for Reminding Humans of Forgotten Actions}},
    booktitle = icra,
    year = {2016},
    pages = {2479--2486},
    doi = {10.1109/ICRA.2016.7487401}
}

% master theses
% ===========

@mastersthesis{beira:2007:msc,
    author = {Beira, Ricardo},
    title = {{Mechanical Design of an Anthropomorphic Robot Head}},
    school = ist,
    year = {2007},
    type = {Master Thesis in Design Engineering},
    address = {Lisbon, Portugal},
    month = {12},
}
